<?xml version="1.0" encoding="UTF-8"?><collection xmlns="http://www.loc.gov/MARC21/slim"><record><leader>00521nam--2200181-i-4500</leader><controlfield tag="001">000023290</controlfield><controlfield tag="002">20161230</controlfield><controlfield tag="005">20161230201035</controlfield><controlfield tag="008">060222s1000------------r-----000-0-eng-d</controlfield><datafield ind1=" " ind2=" " tag="040"><subfield code="a">IFIN-HH</subfield></datafield><datafield ind1=" " ind2=" " tag="080"><subfield code="a">535.317:535.81</subfield></datafield><datafield ind1="1" ind2=" " tag="100"><subfield code="a">Jamieson, T.H</subfield></datafield><datafield ind1="1" ind2="0" tag="245"><subfield code="a">Optimization techniques in lens design</subfield><subfield code="b">With a preface by w.d.wright</subfield><subfield code="c">T.h. jamieson</subfield></datafield><datafield ind1=" " ind2=" " tag="260"><subfield code="a">London</subfield><subfield code="b">Adam Hilger</subfield><subfield code="c">1971</subfield></datafield><datafield ind1=" " ind2=" " tag="300"><subfield code="a">IX + 106 P</subfield></datafield><datafield ind1=" " ind2=" " tag="490"><subfield code="a">Monographs On Applied Optics</subfield><subfield code="v">Vol. 5</subfield></datafield><datafield ind1=" " ind2=" " tag="852"><subfield code="a">15497</subfield><subfield code="c">535</subfield></datafield><datafield ind1=" " ind2=" " tag="CAT"><subfield code="a">Sys</subfield><subfield code="c">20101019</subfield><subfield code="h">141340</subfield></datafield></record></collection>